<collection xmlns="http://www.loc.gov/MARC21/slim">
<record>
  <leader>00970nam0a22001691i 450 </leader>
  <controlfield tag="001">IT\ICCU\CNCE\051161</controlfield>
  <controlfield tag="005">20001107000000.0</controlfield>
  <datafield tag="100" ind1=" " ind2=" ">
    <subfield code="a">20001107d1590        0itac0103    ba</subfield>
  </datafield>
  <datafield tag="101" ind1=" " ind2=" ">
    <subfield code="a">LAT</subfield>
  </datafield>
  <datafield tag="102" ind1=" " ind2=" ">
    <subfield code="a">IT</subfield>
  </datafield>
  <datafield tag="200" ind1="1" ind2=" ">
    <subfield code="a">Tractatus visitationum siue declarationes r.d. Annibalis Rochi i.v.d. Veron. ad breue Gregorii XIII. pont. max. Ad illustriss. &amp; reuerendiss. Augustinum Valerium episcopum Veronae, nunc vero s.r.e. cardinalem amplissimum, super visitandis ciuitatibus, &amp; dioecesibus, Patauina, &amp; Vicentina; qua visitatoribus generalibus a sede apostolica pro tempore delegandis, omnibusque canonistis non parum utilitatis sunt allatura</subfield>
  </datafield>
  <datafield tag="210" ind1=" " ind2=" ">
    <subfield code="a">Veronae</subfield>
    <subfield code="c">apud Hieronymum Discipulum impressorem episcopalem</subfield>
    <subfield code="d">1590</subfield>
  </datafield>
  <datafield tag="215" ind1=" " ind2=" ">
    <subfield code="a">\12!, 318; \50! p.</subfield>
    <subfield code="d">4ʻ</subfield>
  </datafield>
  <datafield tag="700" ind1=" " ind2="1">
    <subfield code="a">Rocchi,</subfield>
    <subfield code="b">Annibale</subfield>
    <subfield code="3">IT\ICCU\CNCA\009502</subfield>
  </datafield>
  <datafield tag="790" ind1=" " ind2="1">
    <subfield code="a">Rochus,</subfield>
    <subfield code="b">Annibal</subfield>
    <subfield code="3">IT\ICCU\CNCA\023682</subfield>
    <subfield code="z">Rocchi, Annibale</subfield>
  </datafield>
  <datafield tag="790" ind1=" " ind2="1">
    <subfield code="a">Rocchus,</subfield>
    <subfield code="b">Annibal</subfield>
    <subfield code="3">IT\ICCU\CNCA\026016</subfield>
    <subfield code="z">Rocchi, Annibale</subfield>
  </datafield>
  <datafield tag="801" ind1=" " ind2="3">
    <subfield code="a">IT</subfield>
    <subfield code="b">ICCU</subfield>
    <subfield code="c">20201115</subfield>
  </datafield>
</record>
</collection>
